<?xml version="1.0" encoding="UTF-8"?><collection xmlns="http://www.loc.gov/MARC21/slim"><record><leader>00454nam--2200145-i-4500</leader><controlfield tag="001">000042484</controlfield><controlfield tag="002">20161230</controlfield><controlfield tag="005">20161230201043</controlfield><controlfield tag="008">060222s1000------------r-----000-0-eng-d</controlfield><datafield ind1=" " ind2=" " tag="080"><subfield code="a">621.039.83</subfield></datafield><datafield ind1=" " ind2=" " tag="100"><subfield code="a">Spiers,F.W</subfield></datafield><datafield ind1=" " ind2=" " tag="245"><subfield code="a">Radioisotopes in the human body:physical and biological aspects</subfield></datafield><datafield ind1=" " ind2=" " tag="260"><subfield code="a">New York, Academic Press, 1968. Xiv + 346 P</subfield></datafield><datafield ind1=" " ind2=" " tag="490"><subfield code="a">American Inst.Of Biol.Scoand Usaec. Monograph Series On Radiation Biology</subfield></datafield><datafield ind1=" " ind2=" " tag="852"><subfield code="a">5865</subfield></datafield></record></collection>